@Techreport{SW4-v3,
  title = 	 {User's guide to {SW4}, version 2.0},
  author = 	 {N. A. Petersson and B. Sj\"ogreen},
  institution =  {Lawrence Livermore National Laboratory},
  year = 	 {2022},
  number = 	 {LLNL-SM-741439},
  note = 	 {(Source code available from {\tt https://github.com/geodynamics/sw4})}
}

@Techreport{SW4-install,
  title = 	 {Installing {SW4}, version 3.0},
  author = 	 {N. A. Petersson and B. Sj\"ogreen and Houjun Tang},
  institution =  {Lawrence Livermore National Laboratory, Lawrence Berkeley National Laboratory},
  year = 	 {2022},
  number = 	 {LLNL-SM-741310}
}