@article{mattsson2004summation,
	title={Summation by parts operators for finite difference approximations of second derivatives},
	author={Mattsson, Ken and Nordstr{\"o}m, Jan},
	journal={J. Comput. Phys.},
	volume={199},
	number={2},
	pages={503--540},
	year={2004},
	publisher={Elsevier}
}

@article{petersson2015wave,
  title={Wave propagation in anisotropic elastic materials and curvilinear coordinates using a summation-by-parts finite difference method},
  author={Petersson, N Anders and Sj{\"o}green, Bj{\"o}rn},
  journal={J. Comput. Phys.},
  volume={299},
  pages={820--841},
  year={2015},
  publisher={Elsevier}
}

@article{sjogreen2012fourth,
	title={A fourth order accurate finite difference scheme for the elastic wave equation in second order formulation},
	author={Sj{\"o}green, Bj{\"o}rn and Petersson, N Anders},
	journal={J. Sci. Comput.},
	volume={52},
	number={1},
	pages={17--48},
	year={2012},
	publisher={Springer}
}

@article{wang2018fourth,
	title={Fourth order finite difference methods for the wave equation with mesh refinement interfaces},
	author={Wang, Siyang and Petersson, N Anders},
	Journal={SIAM J. Sci. Comput.},
        Volume={41},
        Year={2019},
        Pages={A3246--A3275},
}

@article{duru2014stable,
	title={Stable and high order accurate difference methods for the elastic wave equation in discontinuous media},
	author={Duru, Kenneth and Virta, Kristoffer},
	journal={J. Comput. Phys.},
	volume={279},
	pages={37--62},
	year={2014},
	publisher={Elsevier}
}

@article{Kreiss1972,
	Author = {H.~O. Kreiss and J. Oliger},
        Title =  { {C}omparison of accurate methods for the integration of hyperbolic equations},
	Journal = {Tellus}, 
	Volume = {24},
	Year = {1972}, 
	Pages = {199--215},
}

@article{Hagstrom2012,
Author={T. Hagstrom and G. Hagstrom},
Title={Grid stabilization of high--order one--sided differencing {II}: second--order wave equations},
Journal={J. Comput. Phys.}, 
Volume={231},
Year={2012},
Pages={7907--7931},
}

@article{Carpenter1994,
Author={M.~H. Carpenter and D. Gottlieb and S. Abarbanel},
Title={Time--stable boundary conditions for finite--difference schemes solving hyperbolic systems: methodology and application to high--order compact schemes},
Journal={J. Comput. Phys.},
Volume={111},
Year={1994},
Pages={220--236},
}

@article{Gassner2013,
Author={G. J. Gassner},
Title={A skew--symmetric discontinuous {G}alerkin spectral element discretization and its relation to {SBP}--{SAT} finite difference methods},
Journal={SIAM J. Sci. Comput.},
Volume={35},
Year={2013},
Pages={1233--1253},
}


@article{Duru2014V,
Author={K. Duru and K. Virta},
Title={Stable and high order accurate difference methods for the elastic wave equation in discontinuous media},
Journal={J. Comput. Phys.},
Volume={279},
Year={2014},
Pages={37--62},
}

@article{OReilly2020,
Author={O. O'Reilly and N. A. Petersson},
Title={Energy conservative {SBP} discretizations of the acoustic wave equation in covariant form on staggered curvilinear grids},
Journal={arXiv:1907.01105},
Year={2020}
}

@article{SW4,
Author={N. A. Petersson and B. Sj\"ogreen},
Title={User's Guide to SW4, Version 2.0}, 
Journal={Tech. report LLNLSM-741439, Lawrence Livermore National Laboratory, 2016 (source code available from http://geodynamics.org/cig).}
}

@article{Strand1994,
Author={B. Strand},
Title={Summation by parts for finite difference approximations for d/dx},
Journal={J. Comput. Phys.}, 
Volume={110},
Year={1994}, 
Pages={47--67},
}

@article{Kreiss1974,
Author={H.~O. Kreiss and G. Scherer},
Title={Finite element and finite difference methods for hyperbolic partial differential equations},
Journal={Mathematical Aspects of Finite Elements in Partial Differential Equations, Symposium Proceedings},
Year={1974},
Pages={195--212},
}

@article{Wang2017,
	Author = {S. Wang and G. Kreiss},
	Journal = {J. Sci. Comput.},
	Title = {Convergence of summation--by--parts finite difference methods for the wave equation},
	Volume={71},
	Year = {2017},
	Pages={219--245},
}

@article{Wang2018b,
	Author = {S. Wang and A. Nissen and G. Kreiss},
	Title = {Convergence of finite difference methods for the wave equation in two space dimensions},
       Journal={Math. Comp.},
       Volume={87},
       Year={2018},
       Pages={2737--2763}
}

@article{Lundquist2018,
Author={T. Lundquist and A. Malan and J. Nordstr\"om},
Title={A hybrid framework for coupling arbitrary summation-by-parts schemes on general meshes},
Volume={362},
Year = {2018},
Pages={49--68},
Journal={J. Comput. Phys.}
}


@article{Mattsson2012,
Author={K. Mattsson},
Title={Summation by parts operators for finite difference approximations of second--derivatives with variable coefficient},
Journal={J. Sci. Comput.},
Volume={51},
Year={2012},
Pages={650--682},
}

@article{Almquist2019,
Author={M. Almquist and S. Wang  and J. Werpers},
Title={Order-preserving interpolation for summation-by-parts operators at nonconforming grid interfaces},
Journal={SIAM J. Sci. Comput.},
Volume={41},
Pages={A1201--A1227}
}

@book{thompson1985numerical,
	title={Numerical grid generation: foundations and applications},
	author={Thompson, Joe F and Warsi, Zahir UA and Mastin, C Wayne},
	volume={45},
	year={1985},
	publisher={North-holland Amsterdam}
}