@article{petersson2009stable,
  title={Stable grid refinement and singular source discretization for seismic wave simulations},
  author={Petersson, N Anders and Sjogreen, Bjorn},
  journal={Communications in Computational Physics, vol. 8, no. 5, May 31, 2010, pp. 1074-1110},
  volume={8},
  number={LLNL-JRNL-419382},
  year={2009},
  publisher={Lawrence Livermore National Lab.(LLNL), Livermore, CA (United States)}
}

@article{wang2019fourth,
	title={Fourth order finite difference methods for the wave equation with mesh refinement interfaces},
	author={Wang, Siyang and Petersson, N Anders},
	journal={SIAM Journal on Scientific Computing},
	volume={41},
	number={5},
	pages={A3246--A3275},
	year={2019},
	publisher={SIAM}
}


@article{petersson2015wave,
	title={Wave propagation in anisotropic elastic materials and curvilinear coordinates using a summation-by-parts finite difference method},
	author={Petersson, N Anders and Sj{\"o}green, Bj{\"o}rn},
	journal={Journal of Computational Physics},
	volume={299},
	pages={820--841},
	year={2015},
	publisher={Elsevier}
}

@article{duru2016dynamic,
	title={Dynamic earthquake rupture simulations on nonplanar faults embedded in 3D geometrically complex, heterogeneous elastic solids},
	author={Duru, Kenneth and Dunham, Eric M},
	journal={Journal of computational Physics},
	volume={305},
	pages={185--207},
	year={2016},
	publisher={Elsevier}
}

@article{kozdon2013simulation,
	title={Simulation of dynamic earthquake ruptures in complex geometries using high-order finite difference methods},
	author={Kozdon, Jeremy E and Dunham, Eric M and Nordstr{\"o}m, Jan},
	journal={Journal of Scientific Computing},
	volume={55},
	number={1},
	pages={92--124},
	year={2013},
	publisher={Springer}
}

@article{virta2014acoustic,
	title={Acoustic wave propagation in complicated geometries and heterogeneous media},
	author={Virta, Kristoffer and Mattsson, Ken},
	journal={Journal of Scientific Computing},
	volume={61},
	number={1},
	pages={90--118},
	year={2014},
	publisher={Springer}
}

@article{duru2014stable,
	title={Stable and high order accurate difference methods for the elastic wave equation in discontinuous media},
	author={Duru, Kenneth and Virta, Kristoffer},
	journal={Journal of Computational Physics},
	volume={279},
	pages={37--62},
	year={2014},
	publisher={Elsevier}
}

